% Website
% Required fields: 'title' | 'author' | 'howpublished' | 'note'
% Optional fields: 'month' | 'year'
@misc{firmware,
  title = {{Codice sorgente di Unleashed Firmware}},
  author = {{DarkFlippers Team}},
  howpublished = {\url{https://github.com/DarkFlippers/unleashed-firmware}},
  note = {{Unofficial fork of official Flipper Zero firmware.}}
}

@misc{man1,
  author = {FAAC S.P.A.},
  howpublished = {\url{https://www.faac.se/data/pdf/xt2_xt4_433_slh_lr_revc.pdf}},
  title = {Manuale FAAC XT2-XT4 433 SLH - SLH LR, Revisione C},
  year = {Rev C}
}

@misc{man2,
  author = {FAAC S.P.A.},
  howpublished = {\url{https://faac.biz/wp-content/uploads/2021/09/XT2_XT4_433_SLH_LR_732643_RevG.pdf}},
  title = {Manuale FAAC XT 433 SLH LR, Revisione G},
  year = {Rev G}
}

@misc{keeloqwiki,
  author = {Wikipedia},
  howpublished = {\url{https://en.wikipedia.org/wiki/KeeLoq}},
  title = {Articolo Wikipedia su KeeLoq},
  year = {2024}
}

@misc{keeloqc,
  author = {hadipourh},
  howpublished = {\url{https://github.com/hadipourh/KeeLoq}},
  title = {C implementation of KeeLoq},
  year = {2021}
}

@misc{cryptoeprint,
  author = {Andrey Bogdanov},
  title = {Cryptanalysis of the {KeeLoq} block cipher},
  howpublished = {Cryptology {ePrint} Archive, Paper 2007/055, \url{https://eprint.iacr.org/2007/055}},
  year = {2007}
}

@misc{algebraic_slide,
  author = {Nicolas T. Courtois and Gregory V. Bard and David Wagner},
  title = {Algebraic and Slide Attacks on KeeLoq},
  howpublished = {\url{https://www.researchgate.net/publication/220334534_Algebraic_and_Slide_Attacks_on_KeeLoq}},
  year = {2008}
}

@misc{periodic_ciphers,
  author = {Nicolas T. Courtois and Gregory V. Bard and Andrey Bogdanov},
  title = {Periodic ciphers with small blocks and cryptanalysis of KeeLoq},
  howpublished = {\url{https://www.researchgate.net/publication/228953278_PERIODIC_CIPHERS_WITH_SMALL_BLOCKS_AND_CRYPTANALYSIS_OF_KEELOQ}},
  year = {2008}
}

@misc{attack,
  author = {Sebastiaan Indesteege and Nathan Keller and Orr Dunkelman and Eli Biham and Bart Preneel},
  howpublished = {\url{http://www.iacr.org/archive/ec2008/49650001/49650001.pdf}},
  title = {A Practical Attack on KeeLoq},
  year = {2008}
}

@misc{firmware_mod,
  author = {alemarostica},
  howpublished = {\url{https://github.com/alemarostica/unleashed-firmware}},
  title = {Unleashed firmware mod},
  year = {2025}
}

@misc{rolling_flaws,
  author = {Derek Jamison},
  howpublished = {\url{https://github.com/jamisonderek/flipper-zero-tutorials/tree/main/subghz/apps/rolling-flaws}},
  title = {rolling-flaws},
  year = {2024}
}
